<?xml version="1.0" encoding="UTF-8"?><collection xmlns="http://www.loc.gov/MARC21/slim"><record><leader>00599nam--2200169-i-4500</leader><controlfield tag="001">000011366</controlfield><controlfield tag="002">20161230</controlfield><controlfield tag="005">20161230201029</controlfield><controlfield tag="008">060222s1000------------r-----000-0-eng-d</controlfield><datafield ind1=" " ind2=" " tag="040"><subfield code="a">IFIN-HH</subfield></datafield><datafield ind1=" " ind2=" " tag="080"><subfield code="a">539.14(044):537.312.62(044)</subfield></datafield><datafield ind1="1" ind2=" " tag="100"><subfield code="a">Maglich, Bogdan</subfield></datafield><datafield ind1="1" ind2="0" tag="245"><subfield code="a">Adventures in experimental physics. a selection of papers and personal discovery stories, dealing with innovative, unconventional &amp; adventurous experimentation</subfield><subfield code="c">Bogdan maglich (ed.)</subfield></datafield><datafield ind1=" " ind2=" " tag="260"><subfield code="a">Princeton</subfield><subfield code="b">World Science Education</subfield><subfield code="c">1973</subfield></datafield><datafield ind1=" " ind2=" " tag="300"><subfield code="a">VII + 168 P</subfield></datafield><datafield ind1=" " ind2=" " tag="852"><subfield code="a">42201</subfield><subfield code="c">53.08</subfield></datafield><datafield ind1=" " ind2=" " tag="CAT"><subfield code="a">Sys</subfield><subfield code="c">20151029</subfield><subfield code="h">105657</subfield></datafield></record></collection>